2659 4434
36 1766 41 2015 Ι

36 2154 39 2217 ‘t

758 244 1886 398 enAEFATIQ'

316 502 591 584 Contra
628 495 1144 598 Cuningamius
1198 496 1367 574 licet
1407 494 1736 579 Bentleio
1793 492 2112 574 doetrina
2162 520 2277 596 ea,

315 640 510 720 quae
544 612 851 692 lefflone
894 624 1383 710 comparatur,
1435 606 1746 719 ipfisque
1784 608 1859 686 in
1889 608 2277 688 Horatium

316 727 637 822 meritis,
692 725 982 802 inferior
1020 722 1126 819 fit,
1164 738 1411 800 tamen
1443 721 1518 798 in
1554 721 2165 799 emendationibus
2199 717 2275 800 δι
2435 720 2438 729 ’

319 840 747 921 leffionibus
775 837 864 914 iis
880 897 901 933 ,
954 836 1216 937 quibus
1245 833 1331 910 ab
1360 833 1480 911 illo
1509 834 1814 931 recedit,
1848 833 2278 935 plerumque

319 951 396 1033 &
420 949 979 1052 sagacioremxsffi
1038 944 1110 1026 &
1148 945 1659 1047 elegantiorem
1705 960 1922 1047 atque
1965 970 2009 1023 a
2035 946 2278 1046 spiritu

317 1067 613 1168 poetico
661 1059 734 1141 &
773 1061 996 1162 lyrico
1036 1061 1303 1162 (quem
1344 1058 1628 1161 plurimi
1659 1059 1842 1138 facio
1870 1059 1944 1137 in
1981 1060 2276 1161 critico)

314 1179 534 1276 longe
566 1175 1017 1281 'superiorem
1064 1171 1399 1253 Bentleio
1448 1172 1776 1272 praestat.
1916 1170 2275 1272 Exemplo

314 1291 455 1372 smt
522 1290 577 1369 I.
607 1315 665 1387 3.
696 1303 791 1375 18.
829 1284 1064 1389 fixis,
1140 1287 1194 1365 1.
1222 1311 1325 1383 ¹4·
1354 1312 1410 1380 5.
1451 1299 1573 1381 ut,
1612 1285 1665 1364 I.
1694 1308 1794 1365 21.
1829 1311 1930 1384 14.
1955 1288 2277 1388 principe

320 1403 645 1507 Caesare,
672 1402 724 1481 1.
738 1425 855 1482 22.
871 1427 970 1499 14.
987 1400 1349 1490 Daunias,
1376 1396 1537 1494 1L3.
1558 1420 1660 1478 12.
1677 1423 1824 1504 qua
1838 1398 1951 1496 ΕΤ,
1990 1399 2074 1479 Π.
2091 1425 2191 1479 10.
2206 1426 2278 1495 9.
2344 1452 2354 1473 .

292 1519 627 1618 samius,
650 1515 743 1594 ib.
758 1539 864 1594 10.
879 1512 1206 1612 excelsae,
1226 1508 1311 1591 Π.
1338 1536 1437 1610 14.
1454 1531 1565 1605 27.
1567 1508 1920 1611 superbis,
1939 1508 2057 1591 III.
2074 1538 2174 1611 ¹4·
2199 1538 2282 1596 11.

315 1635 577 1709 virum
621 1641 975 1731 experta,
1045 1627 1162 1705 III.
1188 1627 1285 1717 19.
1314 1650 1410 1704 12.
1463 1622 1870 1722 miscentur,
1923 1624 2041 1705 111.
2070 1649 2191 1730 24.
2221 1654 2282 1722 5.

304 1743 401 1844 si,
460 1743 550 1822 ib.
574 1766 681 1834 25.
709 1741 1056 1845 quisquis,
1118 1736 1211 1818 ib.
1235 1763 1343 1834 39.
1363 1735 1556 1841 gelu,
1611 1736 1727 1817 ΙΠ.
1752 1760 1855 1831 2ς.
1884 1762 1982 1830 19.
2007 1737 2277 1841 Deum,

323 1848 444 1937 IV.
472 1879 572 1953 14.
598 1865 710 1940 28.
745 1852 1179 1946 meditatur,
1241 1850 1363 1933 IV.
1392 1873 1486 1948 15.
1508 1876 1577 1946 9.
1603 1850 2027 1959 Qirinum.

414 2138 419 2143 ,
485 2012 632 2132 Sed
670 2050 994 2152 inprimis
1032 2048 1305 2129 multus
1344 2049 1445 2128 est
1472 2048 1885 2149 Wagnerus
1905 2062 2132 2152 atque
2170 2049 2281 2133 in-

313 2164 679 2244 humanus
717 2166 792 2242 in
828 2161 1436 2263 reprehendendis
1476 2164 1752 2264 graecis
1766 2224 1787 2261 ‚
1836 2187 2025 2267 quae
2055 2164 2278 2265 adpo-

314 2279 417 2358 sui
460 2276 869 2355 illustrando
910 2258 1239 2355 Horatio,
1298 2276 1468 2354 Tria
1508 2290 1636 2354 aut
1676 2287 1990 2377 quatuor
2026 2298 2121 2354 ex
2161 2278 2312 2376 iiS„

36 2482 39 2495 ,
139 2384 144 2391 ”
312 2412 504 2493 quae
532 2391 783 2485 adfert,
810 2387 1006 2466 reste
1037 2401 1398 2488 poterant,
1428 2390 1546 2468 sed
1577 2390 1891 2469 modeste
1921 2388 2275 2469 debebant

311 2503 402 2582 ab
431 2501 728 2579 homine
756 2499 1227 2578 humanitatis
1270 2502 1566 2580 studioso
1601 2501 2047 2603 reprehendi.
2156 2501 2273 2581 De

242 2594 257 2621 ⁸
311 2614 578 2693 ceteris
606 2613 844 2691 adhuc
871 2612 1364 2715 quaerendum
1392 2614 1512 2696 est.
1567 2616 1707 2695 Vix
1733 2617 2035 2715 agnosco
2058 2635 2272 2714 prae-

310 2741 691 2827 ceptorem
726 2732 1142 2834 graecarum
1170 2726 1565 2805 litterarum
1587 2790 1608 2827 ,
1661 2730 1785 2829 qui
1813 2729 2086 2827 semper
2110 2748 2276 2834 per-

312 2850 576 2940 peram
616 2837 847 2918 scribit
892 2834 1336 2937 aestethicus,
1387 2841 1511 2940 qui
1552 2840 1607 2920 I.
1633 2867 1681 2920 1.
1707 2865 1817 2938 30.
1870 2838 2273 2938 expressum

314 2949 458 3039 esse
505 2962 720 3050 putat
761 2961 856 3028 ex
891 2949 1088 3030 Pind.
1115 2950 1225 3031 Ol.
1253 2977 1325 3028 α.
1355 2975 1468 3058 34.
1526 2949 1755 3057 κράτει
1797 2946 1869 3026 δὲ
1910 2948 2276 3055 προσέμιξε

312 3055 682 3158 δεσπόταιν,
710 3065 912 3165 ‘quod
939 3063 1057 3141 vel
1087 3065 1465 3143 mediocris
1480 3065 1759 3145 Pindari
1786 3064 2009 3144 letior
2040 3065 2273 3144 multo

309 3175 615 3255 alienius
651 3176 738 3253 ab
771 3175 912 3254 hoc
947 3177 1112 3255 loco
1147 3175 1284 3256 effe
1316 3179 1569 3257 sentiet
1587 3241 1607 3278 ‚
1659 3199 1877 3282 quam
1917 3176 2267 3277 virginem

171 3362 182 3369 .
313 3285 774 3365 κατάκλειε-ον
830 3313 877 3367 a
923 3290 1009 3371 Π.
1046 3312 1130 3370 11.
1156 3314 1256 3373 21.
1364 3291 1686 3370 Maxime
1729 3303 1982 3370 autem
2019 3290 2276 3392 iniqui-

310 3413 428 3480 tas
499 3401 813 3481 hominis
869 3401 1174 3500 eminet,
1253 3404 1380 3483 ubi
1441 3426 1561 3483 me
1618 3405 1784 3483 furti
1842 3425 2049 3483 reum
2104 3403 2277 3504 agit,

216 3600 221 3603 ,
314 3515 444 3615 qui
482 3515 638 3593 aliis
663 3515 1179 3617 interpretibus
1219 3516 1637 3618 sublegerim
1670 3520 1898 3598 bonas
1937 3517 2283 3618 interpre-

314 3626 653 3709 tationes,
765 3627 847 3707 Si
899 3649 1035 3730 pro
1104 3627 1373 3708 consilii
1423 3631 1567 3715 mei
1612 3631 1891 3710 ratione
1941 3629 2291 3730 optimam

311 3737 481 3820 dare
525 3742 895 3849 cuiusque¹
921 3739 1063 3825 loci
1115 3741 1671 3848 explicationem
1714 3742 1947 3847 volui;
2013 3739 2066 3824 fi
2119 3767 2294 3871 eum
2413 3784 2420 3791 -

1347 3878 1374 3887 -
1493 3892 1504 3901 ,
1635 3876 1652 3885 -
2214 3877 2290 3937 m
