2659 4434
508 238 656 354 5'30
1075 209 1893 332 Exc‘vRs'vs

515 448 658 495 mus
692 398 1050 508 antiquitatis
1080 425 1252 500 poe'ta
1291 415 1356 481 in
1392 418 1626 495 medio,
1668 438 1856 498 eoque
1900 417 2304 495 excelfiffimo,
2349 443 2471 504 quo
2576 400 2578 489 Ῐ

488 512 811 591 'uinquam
852 500 1086 575 exarsit,
1157 498 1579 575 enthufiasmo,
1654 497 1783 579 satis
1831 499 2186 579 phlegmatis
2249 503 2476 579 habuit,
2577 532 2578 609 1

412 554 441 619 '¹
522 589 657 654 satis
696 584 1013 664 tranquillo
1052 600 1120 643 ac
1153 582 1313 642 lento
1340 580 1541 643 animo
1575 578 1729 653 suit,
1788 597 1858 641 ut
1894 581 2202 661 concipere
2245 581 2474 645 sensum
2577 620 2578 663 χ

522 688 648 733 tarn
678 664 997 745 stigidutn,
1053 658 1294 723 inserere
1339 678 1457 721 tam
1498 660 1745 727 alienam
1786 658 2127 721 sententiam
2175 665 2476 743 potuerit?
2577 686 2578 691 ¹

434 776 441 781 ·
526 753 668 815 Hoc
712 746 751 806 si
770 741 917 823 quis
956 740 1184 803 credere
1220 740 1431 822 possit,
1474 760 1611 803 eum
1648 758 1842 820 neque
1880 739 2107 820 ingenii
2151 743 2477 817 horatiani,
2565 736 2578 747 “

506 846 723 907 κ,ι-ιιεφιεε
768 819 1012 884 rationis
1062 819 1312 903 lyricae,
1384 841 1575 901 neque
1623 819 1951 882 universam
1993 822 2176 883 animi
2228 822 2480 886 humani
2577 838 2578 907 ᾗ

492 906 796 973 .indolem
827 898 989 963 nosse
1015 917 1190 981 atque
1228 900 1553 980 intelligere
1593 916 1814 979 putem.
1895 902 2012 974 At,
2053 900 2250 981 inquit
2282 907 2483 966 Baxte·
2577 914 2578 919 ’

527 1007 667 1060 rus,
711 979 1052 1046 necessarius
1094 980 1174 1042 est
1217 978 1317 1042 iste
1356 982 1524 1042 locus
1564 981 1636 1041 ad
1681 978 2057 1042 indicandam
2095 980 2355 1045 hostium
2403 983 2481 1045 fe·
2579 1012 2580 1041 ι

526 1065 770 1131 rociam.
853 1064 910 1123 O
945 1060 1311 1141 insipientem
1356 1059 1659 1123 hominem
1696 1076 1754 1122 at
1795 1079 1871 1120 ue
1902 1059 2237 1125 inficetum!
2281 1064 2350 1127 Si
2384 1085 2485 1126 vo-

534 1147 651 1209 luit
680 1141 958 1205 Horatius
993 1139 1098 1222 pin
1148 1161 1238 1203 ere
1280 1139 1732 1203 Vindelicorum
1797 1138 2044 1201 crociam
2088 1147 2253 1223 (quo
2290 1143 2487 1207 omui-

478 1284 493 1289 ,
529 1245 756 1305 no-per
787 1221 841 1283 se
875 1160 1289 1361 valeffiificwaes
1315 1225 1662 1302 poterant),
1701 1217 1947 1287 hoccine
1996 1241 2132 1283 eum
2166 1222 2247 1285 ita
2286 1222 2484 1305 inepte

528 1305 848 1378 instituere,
887 1301 967 1363 ita
997 1300 1013 1313 ⁶
1086 1300 1195 1365 cite
1227 1296 1469 1380 adgredi
1505 1299 1757 1381 potuisse
1791 1300 2109 1376 credamus,
2137 1318 2207 1364 ut
2242 1303 2483 1367 diceret:

539 1385 738 1464 „nolo
773 1401 1072 1465 quaerere,
1123 1381 1285 1443 unde
1314 1381 1536 1443 secures
1580 1379 1938 1462 acceperint;
1979 1402 2088 1445 nec
2114 1382 2257 1446 scire
2279 1384 2377 1446 fas
2416 1387 2489 1447 est

543 1463 760 1528 omnia.
773 1461 853 1539 „?
896 1460 1048 1542 Quis
1073 1459 1135 1524 in
1167 1460 1277 1522 hac
1308 1460 1410 1522 tali
1428 1461 1742 1533 verborum
1775 1461 2144 1524 conversione
2173 1463 2327 1527 illud
2358 1486 2493 1526 con·

540 1544 754 1618 filium,
783 1540 916 1621 quis
946 1539 1251 1621 pie'turam,
1290 1539 1423 1621 quis
1448 1543 1740 1603 Romanae
1774 1539 2070 1603 fidicinem
2104 1545 2265 1624 lyrae
2313 1563 2489 1624 agno·

544 1625 706 1689 scat?
745 1620 1029 1685 Dacerius
1065 1620 1197 1683 licet
1225 1621 1488 1693 fateatur,
1509 1621 1679 1701 plane
1707 1619 2000 1702 prosaicos
2033 1639 2208 1704 atque
2240 1625 2489 1687 humiles
2579 1622 2582 1701 ,³

546 1707 659 1769 esse
699 1703 812 1765 hos
862 1698 1095 1776 versus,
1126 1721 1207 1762 »ne
1251 1722 1323 1762 ue
1371 1699 1638 1775 meritos,
1684 1699 1791 1781 qui
1822 1700 1883 1760 in
1929 1701 2082 1777 hanc
2117 1703 2275 1764 oden
2322 1704 2491 1767 infer·
2581 1718 2582 1763 1

546 1802 786 1859 rentum
829 1799 1025 1843 tamen
1057 1801 1207 1842 excu
1232 1779 1315 1842 'ari
1363 1772 1598 1842 eosdem
1639 1782 1704 1843 δι
1740 1778 1875 1842 ferri
1908 1782 2070 1861 posse
2108 1800 2314 1866 putat,
2354 1806 2495 1867 qua·

548 1884 724 1927 tenus
751 1882 836 1926 πε
871 1860 1062 1935 ι’ςασις
1099 1861 1273 1923 nobis
1304 1860 1481 1923 hodie
1510 1861 1715 1943 ignota
1744 1862 1945 1927 locum
1977 1861 2091 1924 illis
2126 1865 2261 1926 dare
2292 1884 2496 1945 potue·
2581 1934 2582 1941 χ

549 1946 663 2009 rit:
706 1944 819 2005 sive
837 1883 1063 2004 {Romae
1092 1942 1247 2005 &in
1283 1942 1418 2002 aula
1441 1939 1707 2023 Augusti
1738 1962 1807 2003 eo
1842 1957 2144 2024 tempore,
2198 1944 2493 2009 occasione

550 2024 825 2089 viaoriae
848 2021 1053 2095 Drusi,
1076 2020 1269 2083 ‘multi
1304 2020 1566 2099 variique
1590 2020 1917 2097 sermones,
1958 2043 2322 2117 magnaeque
2358 2047 2496 2088 con·

551 2103 855 2169 troversiae
879 2147 896 2176 ‚
962 2101 1033 2165 de
1087 2099 1385 2163 securibus
1445 2100 1895 2164 Vindelicorum
1960 2103 2320 2181 inciderint3
2383 2107 2494 2169 sive

556 2193 733 2270 poeta
778 2181 930 2245 vafre
972 2199 1208 2267 tangere
1248 2198 1422 2263 atque
1455 2179 1689 2245 irridere
1732 2181 1984 2245 voluerit
2031 2183 2299 2266 ineptum
2335 2185 2492 2250 iuius

553 2263 751 2328 aetatis
791 2269 1057 2344 poetam,
1102 2259 1207 2342 qui
1248 2261 1310 2321 in
1351 2259 1635 2336 carmine,
1689 2283 1811 2343 quo
1856 2265 2132 2326 celebrare
2174 2265 2499 2329 instituisset

554 2345 736 2410 Drusi
784 2342 1116 2412 visleriam,
1179 2343 1270 2401 vel
1314 2341 1428 2401 alio
1476 2361 1859 2420 quocumque
1909 2343 1974 2403 in
2020 2365 2223 2425 opere,
2278 2344 2499 2409 curiose

558 2422 918 2505 operoseque
948 2423 1020 2480 de
1049 2420 1231 2481 securi
1257 2418 1705 2481 Vindelicorum
1724 2423 2057 2485 Amazonia
2086 2424 2501 2504 disquisiviss'et.

563 2503 935 2582 Suffragatur
972 2498 1063 2560 his
1113 2496 1439 2574 GesneruS,
1493 2499 1749 2561 morderi
1791 2520 2007 2582 putans
2041 2504 2296 2567 Domitii
2332 2505 2505 2568 Marsi

490 2650 520 2667 .‚
561 2590 807 2668 po’e‘ma,
850 2577 1252 2651 Amazonida,
1293 2578 1459 2660 quod
1497 2598 1783 2642 memorat
1815 2584 2185 2646 Martia1,1v.
2217 2609 2310 2660 29·
2394 2585 2507 2649 Sed

565 2683 706 2728 cum
759 2660 988 2722 facilius
1031 2659 1110 2720 est
1164 2658 1365 2739 eloqui
1414 2659 1477 2721 ἃ
1588 2681 1875 2740 roponere
1928 2667 2065 2726 tales
2132 2664 2510 2739 coniessuras,

563 2763 748 2826 quam
788 2761 988 2801 earum
1027 2738 1320 2800 veritatem
1364 2738 1523 2801 osten
1570 2760 1694 2814 ere;
1737 2757 1865 2803 tum
1902 2745 1992 2804 vel
2029 2743 2103 2805 sic
2134 2746 2363 2808 Horatii
2403 2745 2515 2809 ho·

563 2843 819 2903 rumque
859 2818 1129 2881 versuum
1179 2817 1396 2879 honori
1446 2821 1592 2881 male
1636 2820 1975 2883 consulitur.
2055 2827 2219 2886 Nam
2256 2845 2323 2885 co
2369 2825 2514 2887 itan·-

563 2903 815 2965 tandum
844 2899 980 2974 erit,
1065 2918 1148 2960 uo
1180 2898 1244 2959 in
1284 2900 1418 2960 loco
1460 2900 1521 2962 δι
1549 2899 1697 2961 statu
1733 2903 1942 2963 mentis
1979 2902 2045 2964 sit
2077 2920 2250 2986 atque
2283 2926 2314 2967 e
2362 2927 2392 2967 e
2422 2905 2516 2967 de·

565 2984 705 3044 beat
733 2982 815 3055 is,
858 2979 964 3060 qui
996 2920 1071 3040 a}
1101 2978 1423 3040 iocandum
1460 2996 1632 3060 atque
1666 2980 2029 3044 irridendum
2058 2984 2289 3046 feratur.
2363 2984 2516 3078 Quis

566 3080 698 3125 non
731 3061 916 3133 videt,
958 3058 1031 3120 ad
1076 3058 1391 3121 ridendum
1436 3080 1589 3140 opus
1627 3061 1735 3122 effe
1778 3063 2003 3125 remissa
2041 3064 2295 3144 quadam
2335 3065 2526 3128 animi

480 3136 486 3145 ’
567 3140 805 3214 inertia,
846 3138 1160 3219 tranquilla
1204 3138 1461 3219 quadam
1507 3138 1571 3202 Gt
1619 3141 1775 3205 lenta
1814 3141 2125 3218 hilaritate,
2169 3144 2269 3209 cui
2312 3147 2515 3206 nullus

569 3221 824 3284 omnino
869 3221 1038 3284 locus
1080 3218 1189 3278 esse
1238 3219 1298 3279 in
1355 3218 1592 3281 sublimi
1626 3221 2016 3285 enthusiasmo
2062 3224 2275 3315 possit?
2322 3226 2516 3305 Quare

567 3298 706 3382 quis
741 3318 861 3363 tam
888 3299 1128 3379 ignarus
1159 3297 1228 3358 sit
1264 3318 1392 3358 non
1420 3296 1610 3361 solum
1652 3298 1886 3380 spiritus
1926 3303 2172 3384 poetici,
2214 3303 2310 3368 sed
2346 3305 2521 3365 etiam

496 3400 501 3403 ’
569 3396 812 3445 naturae
839 3378 1049 3440 mentis
1085 3377 1415 3453 humanae,
1453 3379 1560 3459 qui
1588 3381 1813 3443 credere
1846 3382 2048 3462 possit,
2094 3382 2167 3445 sic
2198 3382 2394 3445 subito
2434 3383 2523 3443 in-

568 3461 821 3559 genium
848 3456 1079 3520 Horatii
1109 3459 1197 3519 ab·
1230 3474 1349 3519 tam
1397 3457 1626 3525 excelsis
1672 3459 1739 3522 δι
1772 3460 2097 3539 magnificis
2147 3460 2410 3524 sensibus
2456 3462 2529 3524 ad

572 3561 741 3603 rocos
775 3537 1029 3600 satiricos
1058 3537 1276 3614 delabi,
1316 3536 1394 3599 sic
1418 3537 1614 3600 subito
1653 3539 1777 3601 eius
1811 3540 2185 3602 enthusiasmi
2234 3541 2531 3623 impetum

564 3619 688 3683 {isti
721 3620 787 3682 Gt
813 3617 1109 3689 cohiberi,
1148 3616 1506 3698 phantasiam
1536 3618 1834 3684 ardentem
1862 3618 2103 3704 glaciari
2125 3620 2289 3704 quasi
2331 3623 2396 3686 ἃ
2433 3621 2533 3684 fri-

575 3719 725 3782 gore
763 3695 1045 3781 adstringi
1079 3697 1332 3781 potuisse
1347 3698 1386 3797 ³,
1488 3798 1496 3806 .

2296 3810 2534 3877 Deinde
