2659 4434
876 192 2012 377 4PRAEFArro

693 448 861 534 Scio
902 463 1122 556 atque
1163 477 1257 541 ex
1295 443 1548 531 animo'
1572 454 1801 539 fateor
1815 514 1835 551 ,
1888 451 2195 554 plurima
2220 450 2359 536 effe
2392 457 2475 538 in

526 565 832 647 Horatio
858 589 1049 664 mee,
1073 589 1257 669 quae
1284 567 1440 655 iure
1465 591 1554 644 acw
1578 566 1834 644 merito
1866 546 2290 668 reprehendi
2315 570 2473 670 poi:-

515 678 674 760 fint.
726 676 973 758 Homo
998 676 1166 779 sum,
1187 699 1431 780 neque
1457 678 1547 777 is,
1570 680 1698 780 qui
1728 679 2038 778 perfecta
2061 678 2221 776 esse,
2239 702 2472 783 quae-

516 809 832 892 cumque
857 792 1164 890 scribam,
1182 803 1405 892 atque
1428 790 1517 870 ab
1544 790 1739 870 omni
1760 791 1932 873 vitio
1960 792 2306 871 immunia
2325 816 2471 895 pu·

515 916 690 987 tem.
737 902 1114 981 Praeterea
1143 905 1251 983 fas
1279 904 1493 981 etiam
1531 904 1631 1001 est
1657 904 2005 1004 obrepere
2034 906 2356 999 somnum
2381 907 2467 987 in

486 1028 659 1097 -tam
696 1014 913 1116 longo
939 1024 1183 1116 opere,
1207 1015 1571 1117 tantisque
1608 1015 2135 1096 difficultatibus
2162 1017 2462 1118 impedi-

506 1139 613 1225 t0,
643 1148 947 1229 quarum
975 1130 1136 1207 sane
1173 1129 1459 1228 ignarus
1488 1126 1593 1225 fit,
1622 1131 1747 1230 qui
1771 1128 2093 1215 nondum
2116 1128 2259 1233 ipse
2285 1130 2454 1234 talis
2525 1208 2538 1214 -

372 1246 381 1259 ’
495 1239 758 1320 laboris
775 1240 1184 1341 periculum
1216 1240 1485 1327 fecerit.
1564 1239 1829 1344 Neque
1866 1241 2138 1343 semper
2167 1243 2459 1343 animus

501 1354 742 1433 noster
768 1376 857 1431 eo
889 1353 957 1430 in
988 1353 1149 1431 loco
1190 1354 1488 1431 ac-statu
1519 1354 1655 1452 est,
1711 1378 1878 1433 eum
1905 1355 2220 1434 sensuum
2247 1355 2452 1455 vigo-

501 1488 682 1564 rem,
740 1487 901 1569 eam
927 1464 1188 1565 ingenii
1215 1464 1656 1545 alacritatem
1689 1465 1928 1564 habet,
1947 1490 2089 1568 qua
2122 1489 2308 1569 opus
2344 1466 2451 1546 est

309 1578 316 1599 ‘
467 1580 595 1677 ad
614 1576 809 1667 recte
833 1576 1367 1677 intelligendum
1392 1577 1742 1679 docteque
1767 1574 1841 1656 &
1859 1578 2193 1677 subtiliter-
2218 1579 2451 1659 decla-

494 1692 801 1769 randum
834 1699 1165 1787 poetam,
1219 1689 1440 1789 idque
1478 1711 1683 1788 eum,
1723 1690 1927 1769 cuius
1953 1691 2264 1799 carmina
2291 1704 2452 1771 tam

498 1803 838 1882 diversam
888 1801 1190 1901 speciem
1238 1800 1537 1880 habent:
1591 1825 1737 1904 quo
1777 1802 1898 1903 fit,
1950 1818 2036 1882 ut
2062 1803 2149 1883 iis
2167 1864 2188 1905 ,
2249 1826 2444 1906 quae

486 1913 883 2016 scripfimus
926 1911 999 1992 δι
1021 1914 1384 2014 posuimus
1400 1974 1424 2012 ,
1478 1915 1632 2015 post
1665 1916 1951 2017 aliquod
1991 1929 2282 2018 tempus
2308 1915 2442 2018 ipss

434 2114 455 2131 ,
492 2026 701 2129 saepe
725 2027 1253 2127 adstupeamuS,
1284 2021 1381 2124 ὅτ,
1418 2028 1783 2127 quomodo
1812 2027 1929 2109 hic
1952 2027 2067 2107 vel
2091 2028 2208 2108 ille
2238 2051 2444 2111 error

482 2140 839 2237 inciderit,-
860 2140 1312 2219 admiremur.
1382 2138 1620 2231 Quare
1659 2140 2059 2220 doctiffimis
2086 2140 2221 2220 illis
2248 2141 2438 2222 criti-

346 2288 391 2341 s
468 2257 595 2342 «sis
611 2316 633 2351 ,
682 2252 808 2353 qui
846 2275 995 2330 non
1030 2265 1303 2330 temere
1335 2251 1720 2332 laudarunt
1748 2253 2127 2335 Horatium
2164 2275 2440 2353 meum,

484 2369 604 2448 sed
630 2366 870 2462 etiam,
906 2364 1028 2441 ubi
1060 2378 1378 2443 erratum
1405 2388 1450 2443 a
1477 2387 1598 2443 me
1629 2362 1834 2465 esset,
1859 2365 2261 2447 humaniter
2295 2364 2433 2442 ho-

480 2480 827 2579 nesteque
865 2490 1338 2573 monuerunt,
1389 2477 1843 2577 gratiffimam
1878 2500 2015 2583 pro
2056 2488 2263 2560 tanto
2300 2479 2433 2561 be-

316 2606 325 2621 '
392 2582 399 2589 ’
474 2591 738 2673 neficio
775 2602 1099 2669 mentem
1138 2586 1481 2693 fignifico.

394 2884 399 2890 ι
512 2850 517 2859 .
645 2788 1053 2888 Wagnerus
1078 2798 1353 2884 contra,
1381 2790 1578 2891 quod
1612 2791 1755 2871 iam
1781 2812 1913 2892 per
1945 2790 2011 2870 se
2036 2791 2424 2892 suspectum

470 2901 727 2982 reddat
752 2901 1062 2980 iudicem
1085 2899 1365 2979 necess'e
1392 2903 1518 3001 est,
1551 2902 1745 3001 nihil,
1787 2903 1958 2981 nihil
1985 2906 2266 3003 prorsus
2296 2905 2424 2982 bo-

446 3004 575 3123 un,
614 3013 813 3114 quod
830 3009 1007 3091 mihi
1036 3013 1325 3113 quidem
1358 3010 1724 3112 debeatur,
1755 3013 1891 3092 esse
1920 3016 2127 3094 edicit
2148 3016 2223 3095 in
2252 3038 2421 3094 meo

468 3126 818 3223 Horati03
871 3122 1045 3206 nihil
1083 3125 1158 3206 in
1188 3149 1282 3204 eo
1307 3128 1623 3227 agnoscit
1648 3148 1925 3230 eorum,
1964 3140 2150 3229 quae
2179 3129 2422 3227 agnita

470 3234 545 3339 q&
570 3239 870 3340 probata
896 3238 1054 3321 sunt
1092 3238 1381 3317 summis
1410 3238 1836 3353 Germaniae
1880 3220 2138 3317 criticis
2152 3300 2175 3338 ,
2230 3263 2416 3341 quo-

385 3404 391 3410 ·
460 3349 768 3430 rumille
794 3371 944 3427 non
975 3349 1228 3449 dignus
1267 3350 1371 3429 est
1407 3355 1514 3425 ἵνα
1553 3346 1731 3457 λύσῃ
1765 3353 1983 3426 αὐτῶν
2005 3351 2119 3427 τὸν
2157 3349 2413 3447 ἱμάντα
2485 3370 2502 3379 ’

459 3467 586 3540 ’τοῦ
613 3454 1066 3555 &adducerom
1133 3461 1304 3545 Non
1335 3476 1720 3545 contuetur
1744 3463 1925 3543 forte
1949 3469 2412 3565 opusimeum

456 3575 859 3655 universum
887 3572 1119 3664 (forte
1147 3598 1282 3652 nec
1307 3576 1679 3677 poterat),
1726 3575 1841 3653 sed
1863 3577 2081 3658 modo
2110 3602 2153 3657 e
2177 3575 2411 3677 fingu-

454 3687 546 3770 lis
599 3687 777 3768 locis
815 3686 1109 3768 studiose
1139 3686 1444 3786 colligit,
1493 3687 1929 3793 cupideque,
1988 3712 2127 3769 nec
2162 3688 2412 3791 spretis

2283 3818 2421 3882 ml-
