2659 4434
577 574 2034 833 'PRAEFATIQ

505 1174 509 1179 ·
571 1046 796 1231 Post
857 1160 1171 1256 quatuor
1236 1170 1468 1229 annos
1505 1148 1793 1254 'elapsos
1854 1151 2089 1255 prodit
2154 1150 2301 1233 iam

356 1259 667 1369 denique
709 1263 1204 1367 alterHoratii
1243 1275 1492 1350 tomus
1517 1321 1540 1359 ,
1603 1287 1822 1368 quem
1861 1278 2055 1364 tum,
2131 1284 2311 1343 cum·
2413 1290 2423 1307 ·

353 1379 630 1476 primus
668 1381 743 1458 in
775 1378 1014 1457 lucem
1053 1373 1294 1454 exibat
1311 1434 1335 1472 ‚
1409 1375 1596 1455 intra
1651 1401 1920 1458 annum
1963 1392 2157 1460 certe
2201 1377 2299 1456 se-

351 1513 693 1571 cuturum
731 1489 907 1588 esse,
978 1485 1051 1569 ὅ(
1087 1488 1228 1589 ipse
1265 1488 1655 1588 speraram,
1722 1486 1791 1569 δι
1827 1492 2111 1591 plurimi
2149 1514 2303 1569 me-

350 1628 528 1683 cum
572 1604 1035 1683 crediderant.
1143 1598 1289 1677 Sed
1338 1615 1623 1699 praeter
1662 1624 1956 1702 magnas
1997 1603 2152 1681 illas
2191 1602 2297 1681 in-

353 1715 797 1818 terpretandi
844 1713 1124 1821 Horatii
1174 1710 1629 1801 difficultates
1643 1774 1666 1812 ,
1737 1713 1811 1792 in
1859 1717 2301 1814 praefatione

349 1830 562 1931 primi
589 1829 732 1905 iam
773 1827 953 1904 tomi
989 1825 1368 1926 descriptas
1387 1886 1408 1923 ,
1459 1847 1641 1928 quas
1670 1841 1954 1926 praeter
1992 1828 2185 1928 spem
2228 1824 2303 1909 &

271 2032 278 2041 ,
348 1941 768 2044 opinionem
808 1938 1054 2018 hocin
1090 1951 1295 2016 tomo
1332 1937 1760 2041 expoliendo
1799 1940 2107 2018 maiores
2134 1963 2304 2041 pro-

350 2053 747 2154 pemodum
799 2052 1311 2151 gravioresque
1353 2065 1698 2152 expertus
1740 2053 1890 2132 sum
1905 2113 1928 2151 ,
2000 2053 2304 2153 plurima

353 2168 573 2246 etiam
613 2188 699 2241 ac
724 2165 919 2242 varia
953 2164 1469 2267 impedimenta
1493 2181 1791 2243 externa
1815 2165 2303 2267 persequendo

354 2277 924 2378 absolvendoque
976 2278 1111 2355 sese
1166 2272 1370 2377 operi
1427 2275 1862 2359 obiecerunt.
1980 2277 2302 2361 Primum

353 2390 644 2490 infignis
701 2388 817 2466 illa
868 2411 1112 2467 rerum
1173 2409 1504 2468 mearum
1568 2390 2035 2471 commutatio
2053 2453 2075 2489 ‚
2136 2388 2306 2473 cum

352 2502 544 2583 Hala
579 2501 911 2581 Islebiam
949 2500 1344 2582 translatus
1403 2501 1552 2582 sum
1570 2562 1593 2599 ‚
1657 2525 1809 2585 non
1855 2504 2093 2607 potuit
2155 2525 2308 2585 non
2351 2578 2360 2589 .

355 2636 697 2716 magnam
727 2613 998 2692 adferre
1024 2635 1308 2696 moram
1331 2613 1747 2697 Horatianis
1786 2616 2052 2699 studiis.
2160 2615 2307 2696 Cu-

238 2822 251 2833 *
355 2730 457 2808 ris
487 2726 734 2806 multis
770 2727 1227 2829 negotiisque
1259 2725 1649 2826 ᾶίίῗεϊειᾶιιε,
1671 2729 1881 2809 unice
1909 2741 2306 2831 occupatus

356 2842 441 2920 in
483 2839 811 2918 adeundo
841 2862 928 2915 ac
965 2838 1423 2938 perdiscendo
1449 2861 1642 2918 novo
1670 2862 1968 2919 munere
1986 2901 2010 2938 ‚
2060 2839 2309 2919 biblio-

355 2953 737 3032 thecarum
777 2951 1090 3052 denique.
1125 2948 1539 3032 Halenfium
1554 3011 1579 3048 ,
1645 2963 1797 3030 tam
1844 2953 2311 3055 publicarum,

355 3085 585 3169 quam
609 3060 1047 3163 privatarum
1067 3064 1195 3142 usu
1224 3062 1545 3165 privatus
1564 3123 1594 3166 ,
1641 3086 1790 3143 non
1814 3063 1940 3144 nifi
1969 3066 2117 3143 sero
2144 3063 2309 3147 red-

358 3179 466 3257 ire
503 3177 595 3255 ad
636 3174 956 3253 laborem
998 3171 1461 3257 intermissum
1505 3177 1731 3276 potui.
1840 3176 1987 3257 Sed
2024 3178 2313 3259 sexcen-

359 3290 504 3370 ties
561 3309 729 3366 eum
777 3287 898 3365 vel-
950 3308 1242 3383 omnem
1303 3286 1542 3365 denuo
1596 3289 1896 3371 abiicere
1946 3289 2311 3388 iusserunt,

332 3402 478 3483 ‚vel
517 3411 716 3479 certe
754 3400 1131 3478 turbarunt
1169 3411 1390 3499 atque
1416 3398 1957 3502 interpellarunt
1981 3401 2311 3482 domesti-
2375 3444 2390 3459 ·

356 3537 489 3594 cae
524 3508 1023 3595 sollicitudines
1038 3567 1062 3610 ,
1111 3529 1590 3611 meorumque
1619 3515 1887 3611 morbi3
1942 3528 2163 3615 atque
2202 3515 2313 3595 in-

359 3625 609 3726 primis
649 3632 839 3703 an'no
880 3623 1233 3726 superiore
1249 3682 1272 3719 ,
1324 3620 1449 3702 ubi
1483 3623 1559 3704 in
1607 3649 1696 3707 eo
1743 3638 1897 3705 erat
1936 3650 2123 3729 opus
2147 3689 2169 3725 ‚
2224 3636 2340 3721 ut*

356 3735 697 3841 finiretur,
711 3794 737 3838 ,
789 3735 1191 3841 gravissimo
1221 3730 1522 3819 vulnere
1573 3751 1878 3844 accepto
1927 3762 2026 3847 ex
2073 3750 2313 3928 morgi}
