2659 4434
586 234 1693 407 ³PRAEFA11o

220 476 570 570 minutiiS‚
583 469 911 563 corradit,
925 466 996 545 in
1031 462 1292 568 quibu's
1317 462 1432 543 vel
1456 485 1647 563 vere,
1664 487 1812 546 non
1842 467 2175 571 diffiteor,

223 594 462 694 lapsus
487 609 686 666 eram
702 646 722 681 ,
751 604 1011 681 meque
1036 580 1304 678 lapsum
1331 577 1468 657 esse
1492 579 1731 658 videre
1760 604 1908 661 non
1937 585 2180 684 magni

196 702 583 793 ‘acuminis
610 709 784 792 erat,
798 693 934 790 vel,
960 693 1153 794 quod
1176 690 1600 793 plerumque
1624 696 1724 771 ita
1748 694 1871 787 est,
1897 696 2037 795 ipse
2062 718 2183 774 me
2205 782 2216 803 ἱ

228 817 504 918 lapsum
534 810 673 891 esse
701 802 1035 909 putabat3
1097 826 1351 904 eaque,
1376 821 1458 882 ut
1488 803 1730 903 hom0,
1772 807 1895 908 qui
1928 807 2014 886 de
2055 832 2186 909 po·

188 1006 197 1009 -
240 929 499 1010 testate
526 923 736 1018 exiit,
780 941 1043 1018 magno
1071 939 1237 993 cum
1267 914 1581 995 clamore
1608 917 2038 1021 strepituque
2075 922 2188 1000 iu-

241 1038 502 1121 venilis
526 1031 925 1131 iactantiae,
973 1027 1283 1130 infipidis
1312 1028 1524 1127 nugis
1569 1029 1974 1134 ineptisque
2008 1033 2190 1112 iocis

253 1149 592 1246 distincta,
645 1144 831 1229 mihi,
842 1143 1249 1243 exprobrat.
1321 1140 1405 1218 In
1444 1163 1591 1244 quo
1619 1168 1707 1221 eo
1748 1168 1981 1247 usque
2012 1146 2198 1225 abri-
2273 1182 2278 1187 ·

248 1269 363 1370 pit
393 1285 562 1341 eum
588 1280 844 1338 caecus
874 1256 1228 1357 impetuS,
1282 1263 1367 1331 ut
1394 1274 1460 1333 v.
1489 1275 1548 1335 c,
1586 1278 1705 1333 me
1733 1257 2061 1336 bacchari
2101 1259 2199 1337 di-

254 1391 380 1458 cat
400 1377 473 1454 in
502 1398 590 1452 eo
608 1434 630 1469 ,
686 1369 884 1472 quod
914 1368 1282 1447 Romanos
1317 1390 1363 1442 a
1390 1366 1678 1467 Virgilio
1705 1384 1944 1447 terrae
1988 1374 2207 1449 domi·

260 1515 390 1569 nos
416 1478 563 1567 ‘dici
594 1482 1007 1584 scripserim,
1058 1502 1222 1558 cum
1252 1493 1500 1557 tamen
1538 1479 1634 1578 (o
1662 1483 1945 1583 nefasi)
1985 1484 2075 1563 ab
2118 1508 2209 1563 eo
2351 1474 2360 1489 ’

266 1602 600 1682 dicantur
629 1618 875 1674 rerum
900 1593 1143 1694 potius
1169 1593 1485 1669 domini.-
1539 1616 1629 1671 eo
1653 1616 1929 1696 usqne,
1961 1611 2044 1674 ut
2081 1619 2211 1676 ne.

44 1701 49 1705 ⁴
116 1724 123 1729 ’
268 1710 661 1817 gugentiae
691 1730 807 1786 me
840 1705 1131 1801 accuset,
1153 1705 1279 1807 qui
1306 1707 1397 1786 ad
1427 1706 1709 1804 [12:36.
1737 1709 2034 1787 dixerim
2062 1707 2215 1787 lau-

1 1867 2 1878 *
277 1827 434 1906 dari
476 1846 518 1899 a
539 1819 863 1899 Bentleio
890 1817 1203 1897 Macrob.
1232 1815 1384 1898 Sat.
1403 1818 1487 1899 Π.
1515 1845 1587 1921 4.
1627 1844 1795 1899 cum
1833 1819 2048 1901 huius
2076 1821 2218 1900 loci

269 1935 474 2020 nulla
499 1933 686 2037 apud
723 1929 922 2010 illurn
965 1931 1234 2009 mentio
1265 1928 1388 2028 fit,
1441 1954 1659 2035 quem
1696 1945 1938 2013 tamen
1976 1933 2221 2014 locum

1 2021 4 2104 7
270 2050 378 2131 ibi
403 2046 736 2143 inveniet,
764 2043 1094 2146 quisquis
1126 2064 1276 2121 non
1311 2044 1550 2146 lippit:
1607 2070 1695 2125 eo
1728 2069 1987 2148 usqne,
2016 2061 2101 2125 nt
2126 2068 2222 2125 ex

1 2181 4 2190 ²
80 2192 86 2199 ·
222 2226 233 2233 κ
275 2181 524 2242 errore
537 2221 561 2259 ,
607 2159 734 2262 qui
756 2158 929 2237 vitio
966 2155 1390 2259 typothetae
1430 2155 1504 2237 &
1530 2159 1949 2240 correctoris
1986 2161 2231 2239 incidit

1 2219 10 2338 i
279 2276 381 2355 ad
415 2274 472 2354 Ι.
499 2297 561 2353 2.
585 2298 695 2370 32.
741 2271 910 2371 (ubi
942 2270 1335 2371 scripseram
1382 2294 1555 2372 ego:
1622 2273 2065 2370 „suavissima
2103 2272 2231 2351 ista

278 2388 523 2486 imago
544 2384 853 2486 poetica,
879 2378 1044 2459 binc
1072 2381 1282 2463 (iusta
1310 2412 1357 2460 a
1382 2385 1620 2477 Quint.
1643 2385 1788 2466 Cal.
1808 2386 1894 2469 V.
1920 2411 2022 2483 71.
2075 2427 2130 2443 -
2181 2424 2237 2442 -

287 2503 387 2598 est
415 2525 504 2575 ex
526 2496 814 2577 Hefiod,
840 2495 1081 2596 theog.
1110 2522 1258 2574 201.
1272 2557 1317 2594 „
1348 2501 1531 2599 cet.)
1574 2523 1669 2577 ex
1710 2499 1829 2578 illo
1873 2500 2087 2600 igitur
2127 2520 2236 2576 er-

22 2670 29 2757 ι
285 2634 489 2804 ’ἑξεῖ
504 2610 2243 2821 izeffffissfigzssiffsiffiafflgssimiza?

26 2760 43 2881 i
295 2836 486 2915 stare
514 2847 805 2936 poterat
819 2896 841 2932 ‚
891 2835 1234 2925 Quintum
1260 2836 1640 2916 Calabrum
1681 2837 1838 2938 post
1864 2836 2247 2915 Horatium

297 2947 586 3031 vixisset
641 2971 732 3025 eo
766 2950 1036 3048 usque,
1074 2961 1157 3025 ut
1182 2969 1302 3027 me
1327 2949 1686 3050 increpet,
1742 2949 1867 3050 qui
1892 2949 1983 3025 ad
2017 2949 2070 3028 L
2094 2975 2153 3049 3.
2182 2973 2250 3041 9.

300 3085 454 3140 non
482 3060 713 3139 statim
742 3058 1213 3144 intellexerim
1229 3121 1252 3158 ‚
1308 3061 1463 3161 illa,
1515 3067 1718 3143 usim
1749 3059 1828 3165 ἐξ
1868 3053 2254 3157 ἀδείμαντος

307 3190 449 3254 cet
477 3172 616 3257 esse
644 3171 943 3252 Pindari.
1048 3169 1162 3252 Ab
1191 3172 1314 3252 tali
1345 3190 1641 3276 tamque
1677 3175 1987 3274 maligno
2019 3174 2259 3253 censo-

301 3306 388 3366 re
414 3310 603 3391 quae
641 3286 936 3366 tandem
972 3308 1206 3397 aequa
1244 3282 1316 3366 δε
1343 3287 1649 3368 liberalis
1688 3287 1978 3368 censura
2019 3291 2260 3391 exspe-

314 3398 485 3480 &ari
524 3399 737 3502 poss’rt
750 3459 770 3499 ,
806 3397 1011 3478 facile
1049 3397 1480 3499 intelligitur.

478 3601 792 3682 Primam
834 3601 1165 3681 adversus
1198 3622 1316 3680 me
1356 3599 1558 3679 litem
1597 3601 1745 3701 agit
1769 3623 1865 3679 ex
1901 3625 1992 3680 eo
2008 3660 2031 3698 ,
2078 3598 2276 3700 quod

311 3712 714 3825 Cruquium
747 3719 936 3803 inter
958 3715 1320 3819 principes
1342 3712 1624 3797 Horatii
1647 3715 2091 3840 interpretes·
2118 3712 2283 3839 (‘².’¹‘

628 3854 673 3873 0
2021 3843 2322 3930 aqum-2
2437 3856 2446 3867 ·
