2659 4434
77 224 96 233 ἡ
225 226 231 235 ·
582 278 1442 365 CARMINVM
1540 280 1894 375 L.11!,14.
2058 309 2191 374 159

247 457 615 557 virginum
669 465 938 532 matres
960 506 981 545 ,
1034 451 1524 552 iuvenumque
1575 470 1807 548 nuper

175 646 187 673 ,
242 570 626 672 Sospitum.
735 566 889 667 Vos
948 590 993 643 o
1050 564 1297 665 pueri,
1352 562 1422 642 δι
1475 561 1790 664 puellae·
2109 590 2194 644 ro

727 710 732 721 ’
1255 700 1260 707 ’
2036 690 2194 777 lam

384 899 470 938 ιο.
520 883 620 932 Vos
644 872 863 947 opiter-1⁶,
926 894 953 929 e
974 882 1182 946 :paenae
1226 876 1359 947 Lips.
1387 894 1438 946 4.
1537 876 1666 930 Mox
1704 877 1917 949 vulgata
1961 879 2199 932 omnium
2252 898 2259 903 ·

317 951 573 1006 librorum
599 946 779 1001 lestio:
825 950 933 998 Iam
958 950 1125 998 virum
1153 961 1379 1015 expertae
1399 986 1414 1008 ,
1447 947 1685 1015 inprimis
1712 947 1987 1000 recentiori
2013 965 2195 1012 aetate,
2280 987 2295 1003 .

317 1022 535 1076 maxime
563 1016 703 1070 viros
730 1014 913 1068 dostos
934 1015 1173 1069 offendit.
1240 1015 1426 1071 Variae
1463 1015 1609 1076 sunt,
1644 1016 1887 1084 variique
1930 1019 2198 1080 momenti,

317 1106 441 1157 quas
468 1088 720 1145 afferunt,
758 1084 974 1137 caussae.
1043 1085 1272 1137 Primum
1299 1087 1475 1146 aiunt,
1513 1085 1615 1136 iam
1644 1100 1953 1139 memoratas
1974 1085 2069 1139 eise
2095 1103 2202 1139 tna-

316 1174 418 1210 t-res
462 1157 495 1208 s.
532 1170 828 1217 matronas,
869 1170 1048 1222 neque
1093 1152 1255 1223 igitur
1290 1159 1479 1220 puellas
1514 1170 1568 1207 v.
1601 1168 1857 1220 expertas,
1910 1154 1961 1207 h.
1995 1170 2201 1224 nuptas,

314 1227 416 1279 fine
451 1224 774 1292 tautologiae
803 1221 935 1275 vitio
963 1220 1084 1274 addi
1121 1239 1149 1274 a
1186 1226 1342 1291 poeta
1376 1216 1612 1291 potuisse.
1671 1220 1774 1275 Sed
1804 1223 1992 1291 possint
2015 1229 2202 1294 puellae

318 1298 421 1347 iam
448 1311 502 1349 v.
536 1311 578 1345 e.
616 1291 836 1360 intelligi
870 1289 1103 1346 iuniores
1142 1290 1178 1343 s.
1210 1307 1376 1359 nuper
1409 1289 1618 1342 demum
1656 1306 1881 1359 nuptae,
1918 1310 2203 1361 eorumque

317 1365 533 1427 iuvenes
556 1360 728 1413 mariti
753 1362 920 1429 pueri.
985 1359 1073 1431 Sic
1099 1361 1245 1411 Baxt.
1273 1358 1398 1411 item
1428 1361 1780 1413 Tarteronus:
1816 1378 2001 1424 „vous
2030 1368 2206 1432 jeunes

319 1449 480 1502 gens,
518 1430 573 1485 ἃ
597 1446 731 1482 vous
756 1426 1025 1485 nouvelles
1058 1427 1287 1498 e‘pouseS.
1306 1466 1344 1489 „
1410 1428 1484 1479 At
1510 1444 1542 1480 e
1569 1444 1685 1481 meo
1720 1426 1861 1482 sensu
1889 1428 2019 1484 iusto
2051 1430 2205 1485 subti-

319 1502 424 1554 lior
459 1515 519 1551 ea
559 1498 629 1552 est
666 1497 973 1568 explicatio,
1020 1496 1076 1550 &
1111 1494 1351 1567 inprimis
1393 1495 1622 1559 durum,
1659 1500 1760 1549 iam
1801 1514 1931 1567 pro,
1976 1499 2136 1553 modo
2169 1500 2203 1552 s.

318 1585 522 1639 nuper,
569 1566 819 1636 accipere.
899 1563 1106 1619 Deinde
1170 1564 1255 1617 alii
1307 1562 1558 1618 illiberale
1603 1563 1700 1618 esse
1745 1582 1999 1635 putarunt
2048 1568 2204 1621 illude

313 1641 488 1691 virum
515 1650 764 1705 expertae.
827 1632 889 1686 Id
916 1633 1149 1702 quamvis
1179 1651 1269 1703 per
1305 1630 1351 1685 se
1383 1633 1546 1687 levius
1578 1632 1638 1687 fit
1669 1637 1821 1701 (nam
1853 1635 2078 1689 vidimus
2102 1636 2206 1693 iam

354 1709 506 1766 lura,
541 1721 705 1773 quae,
737 1719 858 1756 cum
888 1702 1044 1755 hodie
1076 1700 1340 1756 inhonesta
1366 1701 1669 1765 videantur,
1709 1704 1926 1771 antiquo
1972 1721 2207 1774 tempore

315 1726 535 1830 goneste
575 1772 678 1825 dici
711 1769 936 1851 possenti
975 1788 1024 1824 v.
1044 1772 1262 1839 ¹Argum.
1288 1774 1353 1824 11.
1381 1773 1492 1838 5.)=
1529 1785 1582 1824 at
1619 1789 1679 1823 ex
1712 1789 1776 1825 eo
1802 1773 2056 1837 multum,
2091 1773 2202 1843 opi-

33 1872 34 1883 *
167 1896 182 1902 ,
323 1861 461 1907 nor,
493 1856 741 1894 momenti
768 1838 984 1909 accipit,
1023 1839 1167 1908 quod
1193 1840 1251 1892 in
1282 1838 1381 1893 hac
1412 1839 1776 1893 sententiatum
1805 1842 2088 1910 gravitate,
2120 1841 2206 1894 vix

33 1902 36 1941 ⁸
323 1913 445 1967 satis
472 1909 736 1980 dignitatis
760 1906 918 1962 habet
943 1910 1060 1960 talis
1088 1923 1370 1978 nuptarum
1397 1900 1716 1979 periphrasis.
1762 1911 1946 1977 Neque
1973 1926 2202 1980 apparet,

33 1944 36 2041 Ι
329 1999 426 2035 cur
447 1979 665 2032 maxime
691 1978 901 2030 iuvenes
926 1976 1100 2029 mariti
1130 1977 1184 2031 ez
1207 1993 1280 2030 nu
1318 1994 1375 2029 er
1402 1993 1595 2047 nuptae
1620 1976 1767 2031 malis
1799 1977 1970 2031 verbis
2032 1997 2205 2031 arcere

33 2056 34 2085 ¹
142 2108 146 2112 ,
274 2063 282 2071 ·
323 2049 622 2105 iubeantur.
691 2050 750 2099 ln
790 2045 1004 2098 Gesneri
1031 2061 1185 2099 nota:
1232 2085 1267 2111 ,‚
1319 2063 1351 2099 u
1395 2046 1698 2115 plicationes
1735 2063 1975 2100 commen
2012 2062 2065 2100 at
2102 2044 2205 2099 ma·

320 2157 360 2182 „
379 2115 541 2170 tronis
556 2156 573 2179 ‚
609 2114 1002 2171 adolescentiam
1040 2114 1211 2169 secum
1245 2113 1311 2167 ad
1387 2115 1661 2168 ilat-itatem
1701 2113 1916 2175 invitatu
1962 2115 2046 2168 sed
2084 2115 2206 2169 ado·

321 2184 664 2252 „lescentiam
707 2183 810 2236 iam
841 2183 1058 2237 Veneris
1090 2199 1405 2253 compotem.
1469 2185 1597 2237 Non
1630 2182 1777 2241 valde
1805 2184 2034 2238 severum
2062 2182 2209 2237 fuiss'e

321 2259 617 2325 ‚,poetam‚
683 2269 803 2306 cum
844 2251 933 2304 ista
971 2252 1243 2315 scriberet,
1312 2253 1508 2305 docent
1550 2268 1639 2315 ea,
1692 2269 1826 2331 quae
1865 2250 2147 2323 sequuntur
2169 2291 2206 2315 „

311 2320 472 2393 'plura
506 2319 649 2383 sunt,
689 2337 821 2388 quae
864 2321 951 2374 vix
985 2321 1172 2391 possint
1219 2312 1469 2375 omnibus
1507 2320 1739 2401 probari.
1808 2326 1868 2374 ln
1907 2340 1991 2375 vv.
2012 2336 2206 2375 10-12.

321 2390 418 2446 ubi
452 2390 639 2458 quaeso
670 2389 737 2442 ad
761 2388 1076 2443 hilaritatem
1109 2390 1389 2443 invitatio?
1419 2393 1600 2443 Potius
1637 2389 1897 2461 pertinere
1931 2391 2048 2445 illos
2080 2407 2209 2458 quo·

319 2477 426 2528 que
464 2458 530 2512 ad
567 2459 664 2528 sup,
696 2459 1025 2521 ficationem,
1075 2458 1132 2511 in
1173 2458 1350 2529 aprico
1384 2458 1468 2513 est.
1555 2459 1967 2513 Adolescentiam
1997 2459 2212 2514 Veneris

321 2542 624 2597 compotem
680 2544 700 2580 ι
736 2532 893 2597 poeta
927 2527 1096 2581 voluit
1141 2528 1428 2594 declarare,
1477 2528 1592 2582 sane
1629 2528 1912 2582 admodum
1951 2529 2005 2583 δι
2046 2526 2207 2581 crasso

323 2597 554 2664 rudique
593 2596 648 2650 &
676 2610 938 2665 praeterea
986 2595 1083 2664 (de
1108 2596 1355 2666 ingenuis
1390 2596 1529 2650 enim
1561 2596 1941 2667 cogitandum)
1968 2597 2091 2649 falso
2125 2614 2211 2649 co·

287 2674 294 2681 ’
322 2667 435 2719 lore
468 2662 538 2716 est
567 2658 719 2729 usus,
765 2665 895 2718 dum
927 2664 1058 2717 dixit
1084 2670 1275 2736 puellas
1320 2668 1421 2718 iam
1452 2684 1521 2718 v..
1542 2683 1584 2718 e.
1651 2665 1924 2732 Denique,
1974 2665 2116 2732 quod
2155 2664 2213 2717 in

292 2732 658 2803 'sequentibus
710 2751 820 2786 non
888 2732 1173 2787 admodum
1216 2735 1420 2787 severus
1467 2732 1537 2786 est
1585 2732 1867 2795 Horatius,
1939 2732 2060 2786 inde
2098 2734 2213 2785 nul-

291 2798 736 2866 'lum,ferendum
770 2801 835 2855 de
866 2801 1029 2872 priori
1056 2802 1298 2857 carminis
1325 2817 1472 2872 parte
1498 2799 1783 2865 iudicium,
1819 2800 1967 2854 cuius
1995 2802 2216 2855 maxime

293 2871 555 2924 ‘diversus
587 2869 849 2924 chareaer
885 2869 982 2933 est;
1011 2887 1060 2923 v.
1086 2873 1307 2942 Argum.
1342 2899 1410 2911 --·
1477 2872 1612 2924 Sunt
1649 2870 1736 2933 &‚
1778 2869 1869 2938 qui
1897 2876 2086 2938 puellas
2112 2873 2214 2922 iam

51 2978 58 3017 1
319 2960 375 2994 v.
404 2958 447 2993 e.
486 2938 746 3009 explicent
779 2956 996 3002 uxores,
1032 2941 1230 2994 maritis
1259 2957 1350 3018 per
1386 2937 1515 2992 illud
1542 2935 2007 3000 bellum-orbatas,
2076 2955 2219 2991 ueros

362 3006 592 3066 atribusz
640 3007 781 3060 unde
824 3006 1104 3062 iubeantur
1131 3009 1318 3063 -hodte
1358 3011 1483 3062 male
1533 3011 1683 3061 emin.
1732 3009 1902 3061 verbis
1949 3007 2034 3060 abl
2059 3008 2215 3060 inere.

389 3077 425 3129 d
463 3076 693 3146 ineptius
724 3076 960 3147 profecto
998 3078 1055 3130 in
1102 3079 1190 3130 tali
1223 3077 1474 3132 sententia
1510 3082 1666 3147 poeta
1710 3093 1905 3131 uxores
1955 3075 2218 3147 defignare

320 3162 438 3199 non
462 3142 724 3215 potuiffet,
760 3161 948 3214 quam,
986 3144 1082 3200 ubi
1120 3145 1319 3199 dixiss'et
1345 3146 1541 3224 puellas
1569 3146 1743 3199 virum
1869 3159 2021 3199 erras.
2076 3146 2217 3199 Tum

317 3212 419 3270 has
451 3211 572 3282 ‚effe
613 3213 977 3285 intelligendas
1014 3214 1226 3270 orbatas
1268 3216 1424 3280 viris,
1479 3230 1665 3286 pueros
1703 3214 1838 3284 patri
1878 3230 1943 3269 us
1983 3213 2216 3336 orbatos,

293 3308 302 3313 ·
2077 3300 2152 3338 un
2190 3304 2219 3339 e

244 3451 386 3544 iam·
428 3450 616 3532 ipsam
675 3452 825 3514 male
876 3449 1196 3513 ominatam
1277 3452 1504 3541 nullam
1543 3449 1649 3544 fibi
1684 3446 1735 3515 is
1777 3450 1964 3532 posset
2005 3450 2221 3513 tristem
2284 3478 2293 3489 ·

247 3533 322 3596 ὃ(
367 3544 780 3614 importunam
832 3530 977 3605 esse3
1032 3529 1200 3611 quod
1279 3529 1468 3591 ideam
1497 3531 1678 3594 hodie
1701 3534 2042 3613 indulgere:
2089 3548 2220 3593 tum

243 3633 320 3673 eo
380 3612 574 3674 verius
636 3611 747 3687 est,
810 3632 949 3675 cum
1003 3608 1200 3672 sensus
1269 3630 2064 3693 monterianum-ren
2107 3633 2224 3673 me-
2316 3644 2321 3649 ·

238 3694 489 3754 Horatii
532 3713 701 3755 nunc
739 3690 846 3774 ipfi
895 3690 976 3752 rei
1013 3689 1200 3752 sacrae
1277 3708 1552 3767 moratos,
1599 3690 1921 3773 intelligere
1953 3692 2222 3771 patribus

233 3768 410 3837 ‘totus
455 3773 778 3849 interesset,
826 3769 1196 3851 omninoque
1280 3771 1543 3849 orbatos,
1586 3771 1667 3835 ite
1709 3773 1964 3845 durum,
2011 3788 2096 3912 <titt
2130 3773 2222 3862 nil

2053 3870 2219 3912 unus
