2659 4434
549 185 1504 318 ·cATRM1³Nv9M
1603 187 1999 320 mina(
2117 223 2301 319 μὴ·

18 375 24 386 ’
106 453 122 460 -
214 373 221 386 ’
295 402 378 487 Si
434 385 727 479 chartae
780 373 1034 472 'fileant
1060 451 1096 498 ,Ι
1196 391 1394 491 quod
1418 385 1422 391 ’
1448 390 1633 488 bene
1694 391 1974 494 fecem,

297 514 719 597 Mercedem
767 497 1047 616 tuleris,
1168 504 1358 600 Quid
1392 495 1594 586 *foret
1632 503 1820 592 ‘Iliae
1983 617 2067 700 Μ
2354 495 2387 568 ‘1

603 631 614 650 ⁶
1564 639 1571 650 '
2069 644 2270 703 avos.

224 885 232 908 ‚
305 861 453 917 cem,
485 837 924 907 iusiurandum,
959 831 1253 896 inducias.
1338 823 1580 904 tentiam
1661 825 1884 897 horum
1952 830 2268 928 versuum,

305 946 366 986 v.
387 923 510 985 Liv.
540 922 706 982 XXX.
748 915 980 994 24'25.
1025 917 1114 992 36.
1167 911 1254 978 cf.
1338 912 1502 992 quod
1563 912 1633 972 de
1694 916 2097 976 monumentis
2156 919 2277 979 Sci·

304 1002 429 1087 sup.
459 1017 513 1075 4.
547 1007 624 1074 46
657 999 721 1061 &
755 1020 855 1075 49.
1263 1061 1271 1084 ι
1338 991 1536 1074 pionis
1587 991 1757 1055 refert
1798 993 1918 1057 Liv.
1955 1000 2276 1059 XXXVIII.

396 1095 483 1149 18.
519 1082 682 1140 Haec
711 1090 1118 1148 monumenta,
1147 1073 1258 1136 hae
1344 1077 1437 1143 56.
1521 1074 1835 1148 Ceterum,
1892 1076 2023 1157 post
2070 1081 2142 1140 T.
2170 1082 2278 1141 Fa-

306 1159 747 1242 inscriptiones,
790 1163 938 1230 eius,
977 1159 1068 1237 qui
1096 1155 1161 1214 ab
1187 1158 1257 1215 A.
1339 1154 1549 1227 hrum,
1621 1159 1726 1213 eius
1783 1157 1845 1218 &
1896 1141 2125 1218 lucrbtm
2166 1160 2280 1222 ni-

309 1245 510 1305 domita
570 1225 751 1300 no'men
800 1240 1032 1298 lucratus
1081 1237 1262 1314 rediit,
1344 1233 1455 1295 mis
1502 1234 1749 1297 humilia
1808 1236 1874 1301 &
1929 1239 2117 1319 lyrico
2167 1262 2283 1303 car·

312 1326 575 1384 lucratus
620 1318 728 1393 est,
775 1322 978 1382 naeius
1028 1319 1142 1390 est,
1185 1316 1263 1377 se-
1313 1315 1505 1375 'mine
1592 1316 1841 1395 indigna
1928 1319 2044 1380 visa
2136 1319 2284 1383 'rion-

277 1443 282 1456 ·
316 1400 624 1474 cum‘inde
666 1400 898 1461 abstulit
933 1400 1046 1477 (cf.
1074 1402 1262 1461 Sei-m.
1343 1396 1561 1469 hunis,
1650 1399 1895 1460 Horatio
1940 1398 2156 1462 'scilicet
2198 1403 2284 1463 i‘a-

316 1488 387 1547 11.
418 1503 459 1544 1.
487 1485 577 1541 66.
601 1481 664 1543 &
684 1502 734 1542 v.
759 1484 878 1542 Liv.
900 1483 1058 1543 XXX
1074 1484 1267 1558 extu),
1391 1478 1755 1546 ientioribus.
1881 1481 2131 1543 Pertinet
2156 1489 2284 1542 ⁴eius·

235 1618 248 1635 s
316 1564 376 1626 h.
414 1562 726 1642 Scipionis‘
757 1562 1023 1628 Africani
1068 1564 1263 1633 laudes,
1394 1609 1401 1616 .
1436 1563 1483 1620 l..
1512 1560 1581 1619 ad
1619 1560 2086 1624 distributionem
2130 1562 2179 1623 s:
2207 1563 2290 1624 di*-

320 1645 361 1710 i.
392 1645 642 1705 virtutes
670 1642 734 1705 δι
778 1664 864 1706 res
910 1642 1121 1723 gestas,
1164 1663 1266 1702 non
1349 1640 1749 1714 stinssionetn,
1814 1634 1896 1702 δι’
1930 1641 2004 1701 {ic
2058 1641 2289 1725 elegan-

320 1727 513 1786 clarius
543 1724 791 1794 indicant,
837 1724 896 1798 h.
920 1723 1129 1785 ‘minus
1160 1726 1268 1783 cla·
1309 1785 1314 1796 ὅ
1349 1721 1490 1781 tiam
1525 1721 1694 1782 etiam
1727 1722 2096 1799 habet‚quod
2127 1725 2293 1786 secus

321 1825 415 1868 ras
468 1805 535 1868 δι
600 1803 956 1878 immortales
1024 1804 1272 1880 faciunt,
1353 1819 1471 1862 erat
1517 1804 1727 1861 111.11.
1769 1815 1851 1867 18.
1912 1803 2108 1860 lucrari
2153 1825 2290 1864 vero

217 1933 232 1942 .
326 1906 513 1967 quam
553 1882 806 1946 carmina
840 1886 914 1966 Q.
933 1883 1132 1958 Ennii,
1165 1886 1273 1945 Ca·
1355 1901 1495 1945 cum
1552 1881 1794 1943 verbum
1833 1881 2146 1943 honestum
2191 1883 2295 1960 est,

235 2033 244 2042 ‚
327 1966 520 2038 labri,
602 1963 720 2024 nati
780 1965 987 2027 Rudiis
1048 1963 1275 2044 (bodie
1355 1980 1486 2023 tum
1530 1961 1599 2021 h.
1633 1963 1669 2021 l.
1722 1962 1923 2023 nobile
1965 1963 2168 2038 etiam,
2227 1982 2299 2028 ut

331 2046 477 2106 Ruia
523 2045 618 2106 vel
650 2045 866 2125 Mastia*
896 2068 961 2104 na
1009 2044 1074 2106 in
1130 2063 1280 2108 terra
1358 2042 1586 2104 doeiius
1643 2042 1707 2106 ὃ(
1754 2043 2112 2124 exquilitius.
2200 2046 2301 2109 Sic

337 2128 571 2186 Otrante
585 2129 634 2203 ).
702 2146 753 2185 v.
799 2127 900 2187 Si.
950 2128 1078 2187 XII.
1144 2144 1275 2205 397.
1357 2140 1478 2184 erat
1543 2125 1776 2198 venalis,
1859 2125 2051 2187 nobili
2111 2125 2333 2204 sensti,¹

229 2248 234 2253 -
330 2204 638 2269 Maximus
707 2204 958 2284 ingenio
1027 2206 1276 2279 Ennius,
1357 2208 1458 2265 III.
1498 2223 1581 2280 ¹4·
1621 2226 1673 2264 2.
2173 2245 2183 2252 -

332 2301 698 2378 quamquam
760 2301 881 2345 arte
934 2284 1133 2359 rudis,
1193 2303 1281 2345 ca·
1443 2304 1534 2342 ει.
1583 2304 1746 2364 neque
1775 2280 2018 2344 refertur
2072 2284 2145 2346 ad
2181 2301 2315 2364 non„

333 2365 591 2428 riffimus
624 2364 780 2426 idem
819 2363 1136 2440 Africano,
1182 2386 1281 2426 cu·
1361 2385 1416 2426 v.
1458 2385 1545 2440 ¹3·
1643 2354 1926 2443 vulgaris
2006 2367 2304 2429 connexio

333 2446 437 2508 ius
472 2464 561 2505 res
603 2444 785 2524 gestas
821 2466 944 2504 non
983 2443 1175 2506 solum
1217 2446 1284 2507 in
1360 2444 1588 2506 fuiss'et:
1636 2444 1825 2524 quid?
1869 2444 2037 2523 quod
2081 2443 2119 2505 s.
2168 2467 2307 2508 nam

340 2523 682 2588 Annalibus
733 2525 1015 2587 Romanis
1045 2572 1063 2599 ‚
1138 2547 1285 2605 quo·
1362 2527 1529 2587 nulla
1564 2525 1816 2586 omnino
1854 2525 1968 2585 {ine
1999 2534 2310 2604 po'e’tarum
2370 2526 2375 2536 ’

340 2627 481 2668 rum
509 2605 687 2666 libros
717 2607 915 2668 XVIII
956 2605 1138 2667 edidit
1170 2619 1287 2668 ver·
1370 2627 1483 2685 ope
1540 2604 1729 2697 gloria
1782 2605 1844 2667 &
1910 2604 2315 2669 immortalitas

343 2687 504 2749 fibus
551 2685 930 2763 hexametris,
991 2684 1089 2748 sed
1138 2689 1292 2767 inpr.
1372 2686 1488 2757 est3
1531 2685 1638 2746 ioli
1667 2704 1794 2745 eam
1868 2693 2026 2744 o‘etae
2060 2687 2315 2750 tribuere

346 2766 523 2829 etiam
559 2764 839 2845 {iugulari
881 2766 1135 2828 carmine
1175 2766 1293 2847 epi·
1376 2765 1637 2849 possunt.
1684 2797 1757 2812 —
1798 2706 2101 2840 exartaeh.
2137 2769 2174 2826 l.
2204 2789 2315 2849 pro

351 2867 425 2908 co
472 2846 810 2920 celebravit,
881 2848 1047 2927 quod
1094 2844 1186 2909 Sci
1237 2848 1294 2907 io
1378 2846 1773 2918 carminibus,
1834 2863 1904 2906 ut
1966 2845 2080 2906 inf..
2119 2871 2169 2921 9.
2223 2870 2319 2923 3¹·

349 2925 700 3006 inscriptum
757 2925 890 2988 fuit.
978 2930 1135 2987 Tam
1240 2948 1300 2986 o-
1382 2925 1558 2987 Ovid.
1597 2928 1700 2986 Tr.
1724 2930 1826 2986 ΙΙΙ.
1856 2949 1902 2988 1.
1930 2944 2147 3002 41.cet.
2185 2928 2324 2991 alias

354 3027 526 3078 rum,
574 3026 749 3085 quam
789 3024 1116 3076 ceterorum
1164 3028 1301 3087 ope·
1384 3008 1448 3070 &
1501 3027 1608 3085 pro
1670 3006 1833 3067 libris
1884 3006 2199 3082 univerlis,
2258 3025 2329 3073 ut

356 3103 494 3147 rum
548 3086 670 3148 eius
717 3090 913 3166 (quae
967 3103 1194 3163 quanto
1240 3087 1304 3148 in
1384 3085 1563 3168 Epist.
1596 3089 1666 3147 ΙΙ.
1710 3106 1757 3148 1.
1801 3083 2096 3148 161.'bene
2128 3089 2327 3165 fhcer'e,
2410 3087 2415 3098 “

356 3167 590 3227 honore
622 3166 840 3227 fuerint
877 3188 965 3247 ap.
988 3169 1307 3239 Romanos,
1387 3164 1628 3242 καλῶς,
1686 3165 1910 3228 fortiter
1964 3166 2003 3228 s.
2042 3173 2330 3249 praeclare

357 3246 611 3327 graviter
640 3248 811 3308 docet
839 3245 1090 3308 Martial.
1111 3250 1185 3310 V.
1219 3269 1306 3311 10.
1390 3249 1620 3327 agere,'
1654 3247 1692 3308 i.
1744 3268 1986 3327 magnas
2036 3271 2121 3310 res
2172 3261 2334 3331 'gere-

358 3348 397 3402 7
430 3324 559 3404 sq.)
625 3347 753 3385 non
810 3326 915 3387 nisi
980 3327 1065 3388 fra
1113 3344 1312 3389 menta
1390 3351 1467 3390 re.
1518 3364 1551 3371 2»
1610 3327 1757 3407 quod
1764 3328 1982 3408 ftceris,
2004 3352 2131 3411 pro,
2164 3331 2333 3410 quod

366 3405 605 3478 exstant.
667 3428 721 3468 v.
762 3409 809 3467 F
816 3407 986 3469 abric.
1018 3409 1079 3469 bi
1124 3412 1160 3471 l.
1213 3412 1320 3469 lat.¹
1395 3407 1606 3486 aliquis
1662 3407 1871 3469 fecerit.
1957 3411 2019 3471 Si
2071 3414 2201 3490 quis
2248 3413 2339 3473 vel

364 3489 473 3548 IV.
522 3508 572 3545 1.
624 3509 672 3547 1.
749 3491 904 3549 *Iam
971 3509 1079 3569 pro
1134 3487 1317 3549 Ennii
1399 3487 1682 3556 maximas
1717 3509 1804 3550 res
1841 3489 2084 3570 gesserit,
2125 3508 2339 3568 tamen,

371 3565 758 3641 ‘cai-minibus,
796 3565 967 3628 Musa
998 3568 1210 3643 Ennii,
1255 3568 1319 3629 δι
1401 3567 1507 3630 nisi
1583 3576 1785 3650 po‘e‘tae
1869 3591 1961 3630 eas
2035 3570 2340 3645 celebrent,

371 3645 518 3706 hinc
536 3646 770 3707 Pierides
792 3649 1059 3711 Calabrae.
1101 3649 1173 3710 cf.
1197 3648 1320 3728 sup.
1404 3650 1627 3720 nullam
1658 3671 1857 3712 earum
1891 3648 2191 3723 mercedem,
2219 3654 2349 3712 nul·

378 3731 436 3788 6.
462 3747 554 3805 27.
636 3729 1023 3793 Memorabile
1072 3731 1152 3793 'ad
1206 3728 1328 3791 sen·
1407 3731 1536 3792 lum
1583 3732 1912 3812 praemium
1955 3728 2146 3806 seret,
2202 3731 2350 3821 acci-

1233 3838 1240 3846 ·
2196 3828 2354 3893 piet3
